@inproceedings{hong2007accelerating,
  title={Accelerating service discovery in ad-hoc zero configuration networking},
  author={Hong, Se Gi and Srinivasan, Suman and Schulzrinne, Henning},
  booktitle={Global Telecommunications Conference, 2007. GLOBECOM'07. IEEE},
  pages={961--965},
  year={2007},
  organization={IEEE}
}

@inproceedings{stolikj2016context,
	title={Context based service discovery in unmanaged networks using mDNS/DNS-SD},
	author={Stolikj, Milosh and Cuijpers, Pieter JL and Lukkien, Johan J and Buchina, Nina},
	booktitle={Consumer Electronics (ICCE), 2016 IEEE International Conference on},
	pages={163--165},
	year={2016},
	organization={IEEE}
}

@techreport{cheshire2013multicast,
	title={Multicast dns},
	author={Cheshire, Stuart and Krochmal, Marc},
	year={2013}
}

@article{Lamport:1984,
  author = {Lamport, Leslie},
  title = {Using Time Instead of Timeout for Fault-Tolerant Distributed Systems},
  booktitle = {},
  year = {1984},
  month = {April},
  publisher = {},
  url = {https://www.microsoft.com/en-us/research/publication/using-time-instead-timeout-fault-tolerant-distributed-systems/},
  address = {},
  pages = {254-280},
  journal = {ACM Transactions on Programming Languages and Systems},
  volume = {6/2},
  chapter = {},
  isbn = {}
}

@article{Schneider:1990,
    author = {Schneider, Fred B.},
    title = {Implementing Fault-tolerant Services Using the State Machine Approach: A Tutorial},
    journal = {ACM Comput. Surv.},
    issue_date = {Dec. 1990},
    volume = {22},
    number = {4},
    month = dec,
    year = {1990},
    issn = {0360-0300},
    pages = {299--319},
    numpages = {21},
    url = {http://doi.acm.org/10.1145/98163.98167},
    doi = {10.1145/98163.98167},
    acmid = {98167},
    publisher = {ACM},
    address = {New York, NY, USA},
} 

 @techreport{rfc6762,
   AUTHOR = {S. Cheshire and M. Krochmal},
   TITLE = {Multicast DNS},
   HOWPUBLISHED = {Internet Requests for Comments},
   TYPE={RFC},
   NUMBER=6762,
   PAGES = {1-67},
   YEAR = {2013},
   MONTH = {February},
   ISSN = {2070-1721},
   PUBLISHER = {RFC Editor},
   INSTITUTION = {RFC Editor},
   URL={https://tools.ietf.org/html/rfc6762}
}

@techreport{rfc6763,
   AUTHOR = {S. Cheshire and M. Krochmal},
   TITLE = {DNS-Based Service Discovery},
   HOWPUBLISHED = {Internet Requests for Comments},
   TYPE={RFC},
   NUMBER=6763,
   PAGES = {1-47},
   YEAR = {2013},
   MONTH = {February},
   ISSN = {2070-1721},
   PUBLISHER = {RFC Editor},
   INSTITUTION = {RFC Editor},
   URL={https://tools.ietf.org/html/rfc6763}
}

@inproceedings{Ladin:1990,
   author = {Ladin, Rivka and Liskov, Barbara and Shrira, Liuba},
   title = {Lazy Replication: Exploiting the Semantics of Distributed Services},
   booktitle = {Proceedings of the 4th Workshop on ACM SIGOPS European Workshop},
   series = {EW 4},
   year = {1990},
   location = {Bologna, Italy},
   pages = {1--6},
   numpages = {6},
   url = {http://doi.acm.org/10.1145/504136.504138},
   doi = {10.1145/504136.504138},
   acmid = {504138},
   publisher = {ACM},
   address = {New York, NY, USA},
} 

@article{Ladin:1992,
  author = {Ladin, Rivka and Liskov, Barbara and Shrira, Liuba and Ghemawat, Sanjay},
  title = {Providing High Availability Using Lazy Replication},
  journal = {ACM Trans. Comput. Syst.},
  issue_date = {Nov. 1992},
  volume = {10},
  number = {4},
  month = nov,
  year = {1992},
  issn = {0734-2071},
  pages = {360--391},
  numpages = {32},
  url = {http://doi.acm.org/10.1145/138873.138877},
  doi = {10.1145/138873.138877},
  acmid = {138877},
  publisher = {ACM},
  address = {New York, NY, USA},
  keywords = {client/server architecture, fault tolerance, group communication, high availability, operation ordering, replication, scalability, semantics of application}
}

@inproceedings{Shapiro:2011,
 author = {Shapiro, Marc and Pregui\c{c}a, Nuno and Baquero, Carlos and Zawirski, Marek},
 title = {Conflict-free Replicated Data Types},
 booktitle = {Proceedings of the 13th International Conference on Stabilization, Safety, and Security of Distributed Systems},
 series = {SSS'11},
 year = {2011},
 isbn = {978-3-642-24549-7},
 location = {Grenoble, France},
 pages = {386--400},
 numpages = {15},
 url = {http://dl.acm.org/citation.cfm?id=2050613.2050642},
 acmid = {2050642},
 publisher = {Springer-Verlag},
 address = {Berlin, Heidelberg},
 keywords = {eventual consistency, large-scale distributed systems, replicated shared objects},
}

@article{Bailis:2013,
 author = {Bailis, Peter and Ghodsi, Ali},
 title = {Eventual Consistency Today: Limitations, Extensions, and Beyond},
 journal = {Queue},
 issue_date = {March 2013},
 volume = {11},
 number = {3},
 month = mar,
 year = {2013},
 issn = {1542-7730},
 pages = {20:20--20:32},
 articleno = {20},
 numpages = {13},
 url = {http://doi.acm.org/10.1145/2460276.2462076},
 doi = {10.1145/2460276.2462076},
 acmid = {2462076},
 publisher = {ACM},
 address = {New York, NY, USA},
}

@inproceedings{VanRenesse:2004,
 author = {van Renesse, Robbert and Schneider, Fred B.},
 title = {Chain Replication for Supporting High Throughput and Availability},
 booktitle = {Proceedings of the 6th Conference on Symposium on Opearting Systems Design \& Implementation - Volume 6},
 series = {OSDI'04},
 year = {2004},
 location = {San Francisco, CA},
 pages = {7--7},
 numpages = {1},
 url = {http://dl.acm.org/citation.cfm?id=1251254.1251261},
 acmid = {1251261},
 publisher = {USENIX Association},
 address = {Berkeley, CA, USA},
} 

